@article{2020SciPy-NMeth,
  title = {{{SciPy} 1.0: Fundamental Algorithms for Scientific Computing in Python}},
  author = {Virtanen, Pauli and Gommers, Ralf and Oliphant, Travis E. and Haberland, Matt and Reddy, Tyler and Cournapeau, David and Burovski, Evgeni and Peterson, Pearu and Weckesser, Warren and Bright, Jonathan and {van der Walt}, St{\'e}fan J. and Brett, Matthew and Wilson, Joshua and Millman, K. Jarrod and Mayorov, Nikolay and Nelson, Andrew R. J. and Jones, Eric and Kern, Robert and Larson, Eric and Carey, C J and Polat, {\.I}lhan and Feng, Yu and Moore, Eric W. and {VanderPlas}, Jake and Laxalde, Denis and Perktold, Josef and Cimrman, Robert and Henriksen, Ian and Quintero, E. A. and Harris, Charles R. and Archibald, Anne M. and Ribeiro, Ant{\^o}nio H. and Pedregosa, Fabian and {van Mulbregt}, Paul and {SciPy 1.0 Contributors}},
  year = 2020,
  journal = {Nature Methods},
  volume = 17,
  pages = {261--272},
  doi = {10.1038/s41592-019-0686-2},
  adsurl = {https://rdcu.be/b08Wh},
}
@article{Adami2000Evolution,
  title = {Evolution of biological complexity},
  author = {Adami,  Christoph and Ofria,  Charles and Collier,  Travis C.},
  year = 2000,
  month = apr,
  journal = {Proceedings of the National Academy of Sciences},
  publisher = {Proceedings of the National Academy of Sciences},
  volume = 97,
  number = 9,
  pages = {4463–4468},
  doi = {10.1073/pnas.97.9.4463},
  issn = {1091-6490},
  url = {http://dx.doi.org/10.1073/pnas.97.9.4463},
}
@article{Adami2002,
  title = {What is complexity?},
  author = {Adami,  Christoph},
  year = 2002,
  month = nov,
  journal = {BioEssays},
  publisher = {Wiley},
  volume = 24,
  number = 12,
  pages = {1085–1094},
  doi = {10.1002/bies.10192},
  issn = {1521-1878},
  url = {http://dx.doi.org/10.1002/bies.10192},
}
@book{adami2024evolution,
  title = {The Evolution of Biological Information: How Evolution Creates Complexity, from Viruses to Brains},
  author = {Adami, Christoph},
  year = 2024,
  publisher = {Princeton University Press},
}
@article{Altenberg:1994ty,
  title = {The evolution of evolvability in genetic programming},
  author = {Altenberg, L},
  year = 1994,
  journal = {Advances in genetic programming},
}
@article{Barrick:2013dua,
  title = {Genome dynamics during experimental evolution},
  author = {Barrick, Jeffrey E and Lenski, Richard E},
  year = 2013,
  month = oct,
  journal = {Nature Publishing Group},
  volume = 14,
  number = 12,
  pages = {827--839},
}
@inbook{Beslon2021,
  title = {Of Evolution,  Systems and Complexity},
  author = {Beslon,  Guillaume and Liard,  Vincent and Parsons,  David P. and Rouzaud-Cornabas,  Jonathan},
  year = 2021,
  booktitle = {Evolutionary Systems Biology},
  publisher = {Springer International Publishing},
  pages = {1–18},
  doi = {10.1007/978-3-030-71737-7_1},
  isbn = 9783030717377,
  url = {http://dx.doi.org/10.1007/978-3-030-71737-7_1},
}
@article{blount_genomic_2012,
  title = {Genomic analysis of a key innovation in an experimental {Escherichia} coli population},
  author = {Blount, Zachary D. and Barrick, Jeffrey E. and Davidson, Carla J. and Lenski, Richard E.},
  year = 2012,
  month = sep,
  journal = {Nature},
  volume = 489,
  number = 7417,
  pages = {513--518},
  doi = {10.1038/nature11514},
  issn = {0028-0836},
  url = {http://dx.doi.org/10.1038/nature11514},
}
@article{blount2018contingency,
  title = {Contingency and determinism in evolution: Replaying life’s tape},
  author = {Blount,  Zachary D. and Lenski,  Richard E. and Losos,  Jonathan B.},
  year = 2018,
  month = nov,
  journal = {Science},
  publisher = {American Association for the Advancement of Science (AAAS)},
  volume = 362,
  number = 6415,
  doi = {10.1126/science.aam5979},
  issn = {1095-9203},
  url = {http://dx.doi.org/10.1126/science.aam5979},
}
@article{bzymek_instability_2001,
  title = {Instability of repetitive {DNA} sequences: {The} role of replication in multiple mechanisms},
  author = {Bzymek, Malgorzata and Lovett, Susan T.},
  year = 2001,
  month = jul,
  journal = {Proceedings of the National Academy of Sciences},
  volume = 98,
  number = 15,
  pages = {8319--8325},
  doi = {10.1073/pnas.111008398},
  url = {http://www.pnas.org/content/98/15/8319.abstract},
}
@article{Calabretta:1998vh,
  title = {Emergence of functional modularity in robots},
  author = {Calabretta, R and Nolfi, S and Parisi, D and Wagner, G P},
  year = 1998,
  journal = {From animals to animats},
}
@article{Calabretta:2000tl,
  title = {Duplication of modules facilitates the evolution of functional specialization.},
  author = {Calabretta, R and Nolfi, S and Parisi, D and Wagner, G P},
  year = 2000,
  journal = {Artificial life},
  volume = 6,
  number = 1,
  pages = {69--84},
}
@article{Castellanos2024,
  title = {The roles of gene duplications in the dynamics of evolutionary conflicts},
  author = {Castellanos,  María del Pilar and Wickramasinghe,  Chathuri Devmika and Betrán,  Esther},
  year = 2024,
  month = jun,
  journal = {Proceedings of the Royal Society B: Biological Sciences},
  publisher = {The Royal Society},
  volume = 291,
  number = 2024,
  doi = {10.1098/rspb.2024.0555},
  issn = {1471-2954},
  url = {http://dx.doi.org/10.1098/rspb.2024.0555},
}
@article{Charlesworth:1994js,
  title = {The evolutionary dynamics of repetitive DNA in eukaryotes.},
  author = {Charlesworth, B and Sniegowski, P and Stephan, W},
  year = 1994,
  month = sep,
  journal = {Nature},
  volume = 371,
  number = 6494,
  pages = {215--220},
}
@article{Chen:2005jj,
  title = {Complex gene rearrangements caused by serial replication slippage},
  author = {Chen, Jian-Min and Chuzhanova, Nadia and Stenson, Peter D and F{\'e}rec, Claude and Cooper, David N},
  year = 2005,
  month = aug,
  journal = {Human Mutation},
  volume = 26,
  number = 2,
  pages = {125--134},
}
@incollection{Clune:2007investigating,
  title = {Investigating the emergence of phenotypic plasticity in evolving digital organisms},
  author = {Clune, Jeff and Ofria, Charles and Pennock, Robert T.},
  year = 2007,
  booktitle = {Advances in Artificial Life},
  publisher = {Springer},
  pages = {74--83},
}
@article{Crow:2006role,
  title = {What is the role of genome duplication in the evolution of complexity and diversity?},
  author = {Crow, Karen D and Wagner, G{\"u}nter P},
  year = 2006,
  journal = {Molecular biology and evolution},
  publisher = {Smbe},
  volume = 23,
  number = 5,
  pages = {887--892},
}
@article{dachshundGeneCopyNum,
  title = {The Effects of FGF4 Retrogenes on Canine Morphology},
  author = {Bannasch, Danika and Batcher, Kevin and Leuthard, Fabienne and Bannasch, Michael and Hug, Petra and Marcellin-Little, Denis J. and Dickinson, Peter J. and Drögemüller, Michaela and Drögemüller, Cord and Leeb, Tosso},
  year = 2022,
  journal = {Genes},
  volume = 13,
  number = 2,
  doi = {10.3390/genes13020325},
  issn = {2073-4425},
  url = {https://www.mdpi.com/2073-4425/13/2/325},
  article-number = 325,
  pubmedid = 35205370,
}
@article{dorin2024what,
  title = {What Is Artificial Life Today,  and Where Should It Go?},
  author = {Dorin,  Alan and Stepney,  Susan},
  year = 2024,
  journal = {Artificial Life},
  publisher = {MIT Press},
  volume = 30,
  number = 1,
  pages = {1–15},
  doi = {10.1162/artl_e_00435},
  issn = {1530-9185},
  url = {http://dx.doi.org/10.1162/artl_e_00435},
}
@article{DuBose2024,
  title = {The link between gene duplication and divergent patterns of gene expression across a complex life cycle},
  author = {DuBose,  James G and de Roode,  Jacobus C},
  year = 2024,
  month = jul,
  journal = {Evolution Letters},
  publisher = {Oxford University Press (OUP)},
  volume = 8,
  number = 5,
  pages = {726–734},
  doi = {10.1093/evlett/qrae028},
  issn = {2056-3744},
  url = {http://dx.doi.org/10.1093/evlett/qrae028},
}
@inproceedings{Ferguson2023,
  title = {Potentiating Mutations Facilitate the Evolution of Associative Learning in Digital Organisms},
  author = {Ferguson,  Austin J. and Ofria,  Charles},
  year = 2023,
  booktitle = {The 2023 Conference on Artificial Life},
  publisher = {MIT Press},
  series = {Alife 2023},
  doi = {10.1162/isal_a_00684},
  url = {http://dx.doi.org/10.1162/isal_a_00684},
  collection = {Alife 2023},
}
@article{flagel_gene_2009,
  title = {Gene duplication and evolutionary novelty in plants},
  author = {Flagel, Lex E. and Wendel, Jonathan F.},
  year = 2009,
  journal = {New Phytologist},
  volume = 183,
  number = 3,
  pages = {557--564},
  doi = {10.1111/j.1469-8137.2009.02923.x},
  issn = {1469-8137},
  url = {http://dx.doi.org/10.1111/j.1469-8137.2009.02923.x},
}
@article{force1999preservation,
  title = {Preservation of duplicate genes by complementary, degenerative mutations},
  author = {Force, Allan and Lynch, Michael and Pickett, F Bryan and Amores, Angel and Yan, Yi-lin and Postlethwait, John},
  year = 1999,
  journal = {Genetics},
  publisher = {Genetics Soc America},
  volume = 151,
  number = 4,
  pages = {1531--1545},
}
@article{Fortuna2017GenotypePhenotype,
  title = {The genotype-phenotype map of an evolving digital organism},
  author = {Fortuna,  Miguel A. and Zaman,  Luis and Ofria,  Charles and Wagner,  Andreas},
  year = 2017,
  month = feb,
  journal = {PLOS Computational Biology},
  publisher = {Public Library of Science (PLoS)},
  volume = 13,
  number = 2,
  pages = {e1005414},
  doi = {10.1371/journal.pcbi.1005414},
  issn = {1553-7358},
  url = {http://dx.doi.org/10.1371/journal.pcbi.1005414},
  editor = {Wilke,  Claus O.},
}
@article{Fortuna2022,
  title = {Editorial: Digital evolution: Insights for biologists},
  author = {Fortuna,  Miguel A. and Beslon,  Guillaume and Ofria,  Charles},
  year = 2022,
  month = oct,
  journal = {Frontiers in Ecology and Evolution},
  publisher = {Frontiers Media SA},
  volume = 10,
  doi = {10.3389/fevo.2022.1037040},
  issn = {2296-701x},
  url = {http://dx.doi.org/10.3389/fevo.2022.1037040},
}
@article{foster2017open,
  title = {Open Science Framework (OSF)},
  author = {Foster,  Erin D. and Deardorff,  Ariel},
  year = 2017,
  month = apr,
  journal = {Journal of the Medical Library Association},
  publisher = {University Library System,  University of Pittsburgh},
  volume = 105,
  number = 2,
  doi = {10.5195/jmla.2017.88},
  issn = {1536-5050},
  url = {http://dx.doi.org/10.5195/jmla.2017.88},
}
@article{gagliardi2019international,
  title = {The international race towards Exascale in Europe},
  author = {Gagliardi, Fabrizio and Moreto, Miquel and Olivieri, Mauro and Valero, Mateo},
  year = 2019,
  journal = {CCF Transactions on High Performance Computing},
  publisher = {Springer},
  pages = {1--11},
}
@article{gropp1996high,
  title = {A high-performance, portable implementation of the MPI message passing interface standard},
  author = {Gropp, William and Lusk, Ewing and Doss, Nathan and Skjellum, Anthony},
  year = 1996,
  journal = {Parallel computing},
  publisher = {North-Holland},
  volume = 22,
  number = 6,
  pages = {789--828},
}
@article{harris2020array,
  title = {Array programming with {NumPy}},
  author = {Charles R. Harris and K. Jarrod Millman and St{\'{e}}fan J. van der Walt and Ralf Gommers and Pauli Virtanen and David Cournapeau and Eric Wieser and Julian Taylor and Sebastian Berg and Nathaniel J. Smith and Robert Kern and Matti Picus and Stephan Hoyer and Marten H. van Kerkwijk and Matthew Brett and Allan Haldane and Jaime Fern{\'{a}}ndez del R{\'{i}}o and Mark Wiebe and Pearu Peterson and Pierre G{\'{e}}rard-Marchant and Kevin Sheppard and Tyler Reddy and Warren Weckesser and Hameer Abbasi and Christoph Gohlke and Travis E. Oliphant},
  year = 2020,
  month = sep,
  journal = {Nature},
  publisher = {Springer Science and Business Media {LLC}},
  volume = 585,
  number = 7825,
  pages = {357--362},
  doi = {10.1038/s41586-020-2649-2},
  url = {https://doi.org/10.1038/s41586-020-2649-2},
}
@software{haynes_2025,
  title = {chaynes2019/AvidaGeneDupe},
  author = {Cameron Haynes and Matthew Andres Moreno and Alex Lalejini and},
  year = 2025,
  month = feb,
  publisher = {Zenodo},
  doi = {10.5281/zenodo.14911295},
  url = {https://doi.org/10.5281/zenodo.14911295},
  version = {2025-02-22},
  swhid = {swh:1:dir:178b69988635d393019f9ab4aef8c4bc42ce6165 ;origin=https://doi.org/10.5281/zenodo.14911295;vi sit=swh:1:snp:9b4ee1334552a3f960aa62dee75e963f100b 17fd;anchor=swh:1:rel:d2880c02308f892f15679e8e0c6e ebf021ed45a1;path=chaynes2019-AvidaGeneDupe-b2ffd0 0},
}
@article{holland1992genetic,
  title = {Genetic Algorithms},
  author = {John H. Holland},
  year = 1992,
  journal = {Scientific American},
  publisher = {Scientific American, a division of Nature America, Inc.},
  volume = 267,
  number = 1,
  pages = {66--73},
  issn = {00368733, 19467087},
  url = {http://www.jstor.org/stable/24939139},
  urldate = {2025-02-17},
}
@misc{https://doi.org/10.25495/7gxk-rd71,
  title = {Zenodo},
  author = {{European Organization For Nuclear Research} and {OpenAIRE}},
  year = 2013,
  publisher = {Cern},
  doi = {10.25495/7gxk-rd71},
  url = {https://www.zenodo.org/},
  language = {en},
}
@article{Hu:2010ea,
  title = {Evolvability and Speed of Evolutionary Algorithms in Light of Recent Developments in Biology},
  author = {Hu, Ting and Banzhaf, Wolfgang},
  year = 2010,
  journal = {Journal of Artificial Evolution and Applications},
  volume = 2010,
  number = 4,
  pages = {1--28},
}
@article{Hughes:2000Aneuploidy,
  title = {Widespread aneuploidy revealed by DNA microarray expression profiling},
  author = {Hughes, Roberts, Dai, Jones, Meyer, Slade, Burchard, Dow, Ward, Kidd, Friend, Marton},
  year = 2000,
  journal = {Nature Genetics},
  volume = 25,
  pages = {333--337},
}
@article{hunter2007matplotlib,
  title = {Matplotlib: A 2D graphics environment},
  author = {Hunter, J. D.},
  year = 2007,
  journal = {Computing in Science \& Engineering},
  publisher = {Ieee Computer Soc},
  volume = 9,
  number = 3,
  pages = {90--95},
  doi = {10.1109/mcse.2007.55},
}
@article{Innan2010,
  title = {The evolution of gene duplications: classifying and distinguishing between models},
  author = {Innan,  Hideki and Kondrashov,  Fyodor},
  year = 2010,
  month = jan,
  journal = {Nature Reviews Genetics},
  publisher = {Springer Science and Business Media LLC},
  volume = 11,
  number = 2,
  pages = {97–108},
  doi = {10.1038/nrg2689},
  issn = {1471-0064},
  url = {http://dx.doi.org/10.1038/nrg2689},
}
%% Created using Papers on Tue, 11 Apr 2017.
%% http://papersapp.com/papers/
@article{JeffClune:2007th,
  title = {LNAI 4648 - Investigating the Emergence of Phenotypic Plasticity in Evolving Digital Organisms},
  author = {Jeff Clune, Charles Ofria and Robert T Pennock},
  year = 2007,
  month = aug,
  pages = {1--10},
}
@article{Kawecki2012,
  title = {Experimental evolution},
  author = {Kawecki,  Tadeusz J. and Lenski,  Richard E. and Ebert,  Dieter and Hollis,  Brian and Olivieri,  Isabelle and Whitlock,  Michael C.},
  year = 2012,
  month = oct,
  journal = {Trends in Ecology \& Evolution},
  publisher = {Elsevier BV},
  volume = 27,
  number = 10,
  pages = {547–560},
  doi = {10.1016/j.tree.2012.06.001},
  issn = {0169-5347},
  url = {http://dx.doi.org/10.1016/j.tree.2012.06.001},
}
@article{KennethOStanley:2004vi,
  title = {Competitive Coevolution through Evolutionary Complexification},
  author = {Kenneth O Stanley, Risto Miikkulainen},
  year = 2004,
  month = feb,
  pages = {1--38},
}
@article{kondrashov2012gene,
  title = {Gene duplication as a mechanism of genomic adaptation to a changing environment},
  author = {Kondrashov, Fyodor A},
  year = 2012,
  journal = {Proceedings of the Royal Society B: Biological Sciences},
  publisher = {The Royal Society},
  volume = 279,
  number = 1749,
  pages = {5048--5057},
}
@article{Koza:1995fr,
  title = {Gene duplication to enable genetic programming to concurrently evolve both the architecture and work-performing steps of a computer program},
  author = {Koza, J R},
  year = 1995,
  journal = {Ijcai (1)},
}
@article{Kuzmin2022,
  title = {Retention of duplicated genes in evolution},
  author = {Kuzmin,  Elena and Taylor,  John S. and Boone,  Charles},
  year = 2022,
  month = jan,
  journal = {Trends in Genetics},
  publisher = {Elsevier BV},
  volume = 38,
  number = 1,
  pages = {59–72},
  doi = {10.1016/j.tig.2021.06.016},
  issn = {0168-9525},
  url = {http://dx.doi.org/10.1016/j.tig.2021.06.016},
}
@article{LaBar2016Different,
  title = {Different Evolutionary Paths to Complexity for Small and Large Populations of Digital Organisms},
  author = {LaBar,  Thomas and Adami,  Christoph},
  year = 2016,
  month = dec,
  journal = {PLOS Computational Biology},
  publisher = {Public Library of Science (PLoS)},
  volume = 12,
  number = 12,
  pages = {e1005066},
  doi = {10.1371/journal.pcbi.1005066},
  issn = {1553-7358},
  url = {http://dx.doi.org/10.1371/journal.pcbi.1005066},
  editor = {Maslov,  Sergei},
}
@article{lahti2009relaxed,
  title = {Relaxed selection in the wild},
  author = {Lahti, David C and Johnson, Norman A and Ajie, Beverly C and Otto, Sarah P and Hendry, Andrew P and Blumstein, Daniel T and Coss, Richard G and Donohue, Kathleen and Foster, Susan A},
  year = 2009,
  journal = {Trends in Ecology \& Evolution},
  publisher = {Elsevier},
  volume = 24,
  number = 9,
  pages = {487--496},
}
@inproceedings{Lalejini:2016plasticity,
  title = {The Evolutionary Origins of Phenotypic Plasticity},
  author = {Lalejini, Alexander. and Ofria, Charles.},
  year = 2016,
  booktitle = {Proceedings of the 15th International Conference for Artificial Life},
  pages = {372--379},
}
@inproceedings{lalejini2017gene,
  title = {Gene duplications drive the evolution of complex traits and regulation},
  author = {Lalejini, Alexander and Wiser, Michael J and Ofria, Charles},
  year = 2017,
  booktitle = {Artificial Life Conference Proceedings},
  pages = {257--264},
  organization = {MIT Press},
}
@book{langton1989artificial,
  title = {Artificial Life},
  author = {Christopher G. Langton},
  year = 1989,
  publisher = {Routledge},
  pages = 47,
  isbn = {978-0-429-03276-9},
  edition = 1,
}
@article{lenski1999genome,
  title = {Genome complexity,  robustness and genetic interactions in digital organisms},
  author = {Lenski,  Richard E. and Ofria,  Charles and Collier,  Travis C. and Adami,  Christoph},
  year = 1999,
  month = aug,
  journal = {Nature},
  publisher = {Springer Science and Business Media LLC},
  volume = 400,
  number = 6745,
  pages = {661–664},
  doi = {10.1038/23245},
  issn = {1476-4687},
  url = {http://dx.doi.org/10.1038/23245},
}
@article{Lenski2003Evolutionary,
  title = {The evolutionary origin of complex features},
  author = {Lenski,  Richard E. and Ofria,  Charles and Pennock,  Robert T. and Adami,  Christoph},
  year = 2003,
  month = may,
  journal = {Nature},
  publisher = {Springer Science and Business Media LLC},
  volume = 423,
  number = 6936,
  pages = {139–144},
  doi = {10.1038/nature01568},
  issn = {1476-4687},
  url = {http://dx.doi.org/10.1038/nature01568},
}
@article{Long:2003ja,
  title = {The origin of new genes: glimpses from the young and old},
  author = {Long, Manyuan and Betr{\'a}n, Esther and Thornton, Kevin and Wang, Wen},
  year = 2003,
  month = nov,
  journal = {Nature Reviews Genetics},
  volume = 4,
  number = 11,
  pages = {865--875},
}
@article{Lynch2000,
  title = {The Evolutionary Fate and Consequences of Duplicate Genes},
  author = {Lynch,  Michael and Conery,  John S.},
  year = 2000,
  month = nov,
  journal = {Science},
  publisher = {American Association for the Advancement of Science (AAAS)},
  volume = 290,
  number = 5494,
  pages = {1151–1155},
  doi = {10.1126/science.290.5494.1151},
  issn = {1095-9203},
  url = {http://dx.doi.org/10.1126/science.290.5494.1151},
}
@article{Lynch2007,
  title = {The frailty of adaptive hypotheses for the origins of organismal complexity},
  author = {Lynch,  Michael},
  year = 2007,
  month = may,
  journal = {Proceedings of the National Academy of Sciences},
  publisher = {Proceedings of the National Academy of Sciences},
  volume = 104,
  number = {suppl\_1},
  pages = {8597–8604},
  doi = {10.1073/pnas.0702207104},
  issn = {1091-6490},
  url = {http://dx.doi.org/10.1073/pnas.0702207104},
}
@article{Magadum:2013wu,
  title = {Gene duplication as a major force in evolution.},
  author = {Magadum, Santoshkumar and Banerjee, Urbi and Murugan, Priyadharshini and Gangapur, Doddabhimappa and Ravikesavan, Rajasekar},
  year = 2013,
  month = apr,
  journal = {Journal of genetics},
  volume = 92,
  number = 1,
  pages = {155--161},
}
@book{mano1997logic,
  title = {Logic and computer design fundamentals},
  author = {Mano, M Morris and Kime, Charles R},
  year = 1997,
  publisher = {Prentice-Hall, Inc.},
}
@inproceedings{mckinney-proc-scipy-2010,
  title = {{D}ata {S}tructures for {S}tatistical {C}omputing in {P}ython},
  author = {{W}es {M}c{K}inney},
  year = 2010,
  booktitle = {{P}roceedings of the 9th {P}ython in {S}cience {C}onference},
  pages = {56--61},
  doi = {10.25080/Majora-92bf1922-00a},
  editor = {{S}t\'efan van der {W}alt and {J}arrod {M}illman},
}
@inbook{mcphee2018detailed,
  title = {A Detailed Analysis of a PushGP Run},
  author = {McPhee,  Nicholas Freitag and Finzel,  Mitchell D. and Casale,  Maggie M. and Helmuth,  Thomas and Spector,  Lee},
  year = 2018,
  booktitle = {Genetic Programming Theory and Practice XIV},
  publisher = {Springer International Publishing},
  pages = {65–83},
  doi = {10.1007/978-3-319-97088-2_5},
  isbn = 9783319970882,
  issn = {1932-0167},
  url = {http://dx.doi.org/10.1007/978-3-319-97088-2_5},
}
@article{Metz:chromosomeDuplication1947,
  title = {Duplication of Chromosome Parts as a Factor in Evolution},
  author = {C. W. Metz},
  year = 1947,
  journal = {The American Naturalist},
  publisher = {[The University of Chicago Press, The American Society of Naturalists]},
  volume = 81,
  number = 797,
  pages = {81--103},
  issn = {00030147, 15375323},
  url = {http://www.jstor.org/stable/2457862},
  urldate = {2025-02-07},
}
@misc{Moreno_Haynes_2025,
  title = {Gene duplications potentiate adaptive evolution of complex traits},
  author = {Moreno, Matthew A and Haynes, Cameron},
  year = 2025,
  month = {Jun},
  publisher = {Osf},
  doi = {10.17605/osf.io/j5s4h},
  url = {osf.io/j5s4h},
}
@software{moreno2023teeplot,
  title = {mmore500/teeplot},
  author = {Matthew Andres Moreno},
  year = 2023,
  month = dec,
  publisher = {Zenodo},
  doi = {10.5281/zenodo.10440670},
  url = {https://doi.org/10.5281/zenodo.10440670},
}
@inproceedings{moreno2024cryptic,
  title = {Methods to Estimate Cryptic Sequence Complexity},
  author = {Matthew Andres Moreno},
  year = 2024,
  month = {07},
  booktitle = {The 2024 Conference on Artificial Life},
  publisher = {MIT Press},
  doi = {10.48550/arXiv.2404.10854},
  url = {https://arxiv.org/abs/2404.10854},
  collection = {Alife 2024},
}
@article{Nichele:2016is,
  title = {Evolutionary Growth of Genome Representations on Artificial Cellular Organisms with Indirect Encodings},
  author = {Nichele, Stefano and Giske{\o}deg{\aa}rd, Andreas and Tufte, Gunnar},
  year = 2016,
  month = feb,
  journal = {Artificial life},
  volume = 22,
  number = 1,
  pages = {76--111},
}
@incollection{Ofria:2009avida,
  title = {Avida: A Software Platform for Research in Computational Evolutionary Biology},
  author = {Ofria, Charles and Bryson, David M. and Wilke, Claus O.},
  year = 2009,
  booktitle = {Artificial Life Models in Software},
  publisher = {Springer},
  pages = {3--35},
}
@article{ofria2004avida,
  title = {Avida: A Software Platform for Research in Computational Evolutionary Biology},
  author = {Ofria,  Charles and Wilke,  Claus O.},
  year = 2004,
  month = mar,
  journal = {Artificial Life},
  publisher = {MIT Press - Journals},
  volume = 10,
  number = 2,
  pages = {191–229},
  doi = {10.1162/106454604773563612},
  issn = {1530-9185},
  url = {http://dx.doi.org/10.1162/106454604773563612},
}
@book{ohno1970evolution,
  title = {Evolution by Gene Duplication},
  author = {Ohno,  Susumu},
  year = 1970,
  publisher = {Springer Berlin Heidelberg},
  doi = {10.1007/978-3-642-86659-3},
  isbn = 9783642866593,
  url = {http://dx.doi.org/10.1007/978-3-642-86659-3},
}
@article{Otto2000,
  title = {Polyploid Incidence And Evolution},
  author = {Otto,  Sarah P and Whitton,  Jeannette},
  year = 2000,
  month = dec,
  journal = {Annual Review of Genetics},
  publisher = {Annual Reviews},
  volume = 34,
  number = 1,
  pages = {401–437},
  doi = {10.1146/annurev.genet.34.1.401},
  issn = {1545-2948},
  url = {http://dx.doi.org/10.1146/annurev.genet.34.1.401},
}
@article{Pavelka:2010,
  title = {Aneuploidy confers quantitative proteome changes and phenotypic variation in budding yeast},
  author = {Pavelka,  Norman and Rancati,  Giulia and Zhu,  Jin and Bradford,  William D. and Saraf,  Anita and Florens,  Laurence and Sanderson,  Brian W. and Hattem,  Gaye L. and Li,  Rong},
  year = 2010,
  month = oct,
  journal = {Nature},
  publisher = {Springer Science and Business Media LLC},
  volume = 468,
  number = 7321,
  pages = {321–325},
  doi = {10.1038/nature09529},
  issn = {1476-4687},
  url = {http://dx.doi.org/10.1038/nature09529},
}
@article{pennock2007models,
  title = {Models,  simulations,  instantiations,  and evidence: the case of digital evolution},
  author = {Pennock,  Robert T.},
  year = 2007,
  month = mar,
  journal = {Journal of Experimental \& Theoretical Artificial Intelligence},
  publisher = {Informa UK Limited},
  volume = 19,
  number = 1,
  pages = {29–42},
  doi = {10.1080/09528130601116113},
  issn = {1362-3079},
  url = {http://dx.doi.org/10.1080/09528130601116113},
}
@article{polyaneuploidCancer,
  title = {Polyploid giant cancer cells: origin, possible pathways of formation, characteristics, and mechanisms of regulation},
  author = {Liu, Pan  and Wang, Lili  and Yu, Huiying},
  year = 2024,
  journal = {Frontiers in Cell and Developmental Biology},
  volume = 12,
  doi = {10.3389/fcell.2024.1410637},
  issn = {2296-634x},
  url = {https://www.frontiersin.org/journals/cell-and-developmental-biology/articles/10.3389/fcell.2024.1410637},
}
@article{proteinStoich,
  title = {Protein aggregation mediates stoichiometry of protein complexes in aneuploid cells},
  author = {Brennan, Vaites, Wells, Santaguida, Paulo, Storchova, Harper, Marsh, Amon},
  year = 2019,
  journal = {Genes \& Dev},
  volume = 33,
  pages = {1031--1047},
}
@misc{r_core_team_r:_2015,
  title = {R: {A} language and environment for statistical computing},
  author = {R Core Team},
  year = 2015,
  publisher = {R Foundation for   Statistical Computing},
  address = {Vienna, Austria},
  url = {http://www.R-project.org/},
}
@article{reback2020pandas,
  title = {pandas-dev/pandas: Pandas},
  author = {pandas developers},
  year = 2020,
  month = feb,
  journal = {Zenodo},
  publisher = {Zenodo},
  doi = {10.5281/zenodo.3509134},
  url = {https://doi.org/10.5281/zenodo.3509134},
  version = {latest},
}
@incollection{Ryan:1998gm,
  title = {Grammatical evolution: Evolving programs for an arbitrary language},
  author = {Ryan, Conor and Collins, J J and Neill, Michael O},
  year = 1998,
  month = apr,
  booktitle = {Genetic Programming},
  publisher = {Springer, Berlin, Heidelberg},
  address = {Berlin, Heidelberg},
  pages = {83--96},
}
@article{sandberg2019emergence,
  title = {The emergence of adaptive laboratory evolution as an efficient tool for biological discovery and industrial biotechnology},
  author = {Sandberg,  Troy E. and Salazar,  Michael J. and Weng,  Liam L. and Palsson,  Bernhard O. and Feist,  Adam M.},
  year = 2019,
  month = dec,
  journal = {Metabolic Engineering},
  publisher = {Elsevier BV},
  volume = 56,
  pages = {1–16},
  doi = {10.1016/j.ymben.2019.08.004},
  issn = {1096-7176},
  url = {http://dx.doi.org/10.1016/j.ymben.2019.08.004},
}
@article{Sankoff:2001ky,
  title = {Gene and genome duplication},
  author = {Sankoff, D},
  year = 2001,
  journal = {Current opinion in genetics {\&} development},
  volume = 11,
  number = 6,
  pages = {681--684},
}
@inproceedings{Sawai:1999genetic,
  title = {Genetic algorithm inspired by gene duplication},
  author = {Sawai, Hidefumi and Adachi, Susumu},
  year = 1999,
  booktitle = {Evolutionary Computation, 1999. CEC 99. Proceedings of the 1999 Congress on},
  volume = 1,
  pages = {480--487},
  organization = {Ieee},
}
@inproceedings{Sawai:2000comparative,
  title = {A comparative study of gene-duplicated GAs based on pfGA and SSGA},
  author = {Sawai, Hidefumi and Adachi, Susumu},
  year = 2000,
  booktitle = {Proceedings of the 2nd Annual Conference on Genetic and Evolutionary Computation},
  pages = {74--81},
  organization = {Morgan Kaufmann Publishers Inc.},
}
@article{Schlichting:2002jl,
  title = {Phenotypic plasticity: linking molecular mechanisms with evolutionary outcomes},
  author = {Schlichting, Carl D and Smith, Harry},
  year = 2002,
  journal = {Evolutionary Ecology},
  volume = 16,
  number = 3,
  pages = {189--211},
}
@book{Schmitt:2005bc,
  title = {Using gene deletion and gene duplication in evolution strategies},
  author = {Schmitt, Karlheinz},
  year = 2005,
  month = jun,
  publisher = {Acm},
  address = {New York, New York, USA},
}
@article{Schutz:1995bl,
  title = {Other operators: Gene duplication and deletion},
  author = {Sch{\"u}tz, M},
  year = 1995,
}
@article{sniegowski2000evolution,
  title = {The evolution of mutation rates: separating causes from consequences},
  author = {Sniegowski, Paul D. and Gerrish, Philip J. and Johnson, Toby and Shaver, Aaron and others},
  year = 2000,
  journal = {Bioessays},
  publisher = {Citeseer},
  volume = 22,
  number = 12,
  pages = {1057--1066},
}
@inproceedings{Stephens:gx,
  title = {Coarse Graining in an Evolutionary Algorithm with Recombination, Duplication and Inversion},
  author = {Stephens, C R and Poli, R},
  booktitle = {2005 IEEE Congress on Evolutionary Computation},
  publisher = {Ieee},
  pages = {1683--1690},
}
@article{stoltzfus1999possibility,
  title = {On the possibility of constructive neutral evolution},
  author = {Stoltzfus, Arlin},
  year = 1999,
  journal = {Journal of Molecular Evolution},
  publisher = {Springer},
  volume = 49,
  number = 2,
  pages = {169--181},
}
@article{tarapore2015evolvability,
  title = {Evolvability signatures of generative encodings: Beyond standard performance benchmarks},
  author = {Tarapore,  Danesh and Mouret,  Jean-Baptiste},
  year = 2015,
  month = aug,
  journal = {Information Sciences},
  publisher = {Elsevier BV},
  volume = 313,
  pages = {43–61},
  doi = {10.1016/j.ins.2015.03.046},
  issn = {0020-0255},
  url = {http://dx.doi.org/10.1016/j.ins.2015.03.046},
}
@article{Tautz1992,
  title = {Problems and paradigms: Redundancies,  development and the flow of information},
  author = {Tautz,  Diethard},
  year = 1992,
  month = apr,
  journal = {BioEssays},
  publisher = {Wiley},
  volume = 14,
  number = 4,
  pages = {263–266},
  doi = {10.1002/bies.950140410},
  issn = {1521-1878},
  url = {http://dx.doi.org/10.1002/bies.950140410},
}
@article{teichmann_structural_1998,
  title = {Structural assignments to the {Mycoplasma} genitalium proteins show extensive gene duplications and domain rearrangements},
  author = {Teichmann, Sarah A. and Park, Jong and Chothia, Cyrus},
  year = 1998,
  month = dec,
  journal = {Proceedings of the National Academy of Sciences},
  volume = 95,
  number = 25,
  pages = {14658--14663},
  url = {http://www.pnas.org/content/95/25/14658.abstract},
}
@article{Teichmann:2004cz,
  title = {Gene regulatory network growth by duplication},
  author = {Teichmann, Sarah A and Babu, M Madan},
  year = 2004,
  month = may,
  journal = {Nat Genet},
  volume = 36,
  number = 5,
  pages = {492--496},
  doi = {10.1038/ng1340},
  issn = {1061-4036},
  url = {http://dx.doi.org/10.1038/ng1340},
}
@article{Tong2025,
  title = {Genome duplication in a long-term multicellularity evolution experiment},
  author = {Tong,  Kai and Datta,  Sayantan and Cheng,  Vivian and Haas,  Daniella J. and Gourisetti,  Saranya and Yopp,  Harley L. and Day,  Thomas C. and Lac,  Dung T. and Khalil,  Ahmad S. and Conlin,  Peter L. and Bozdag,  G. Ozan and Ratcliff,  William C.},
  year = 2025,
  month = mar,
  journal = {Nature},
  publisher = {Springer Science and Business Media LLC},
  volume = 639,
  number = 8055,
  pages = {691–699},
  doi = {10.1038/s41586-025-08689-6},
  issn = {1476-4687},
  url = {http://dx.doi.org/10.1038/s41586-025-08689-6},
}
@article{Viguera:2001ja,
  title = {Replication slippage involves DNA polymerase pausing and dissociation.},
  author = {Viguera, E and Canceill, D and Ehrlich, S D},
  year = 2001,
  month = may,
  journal = {The EMBO journal},
  volume = 20,
  number = 10,
  pages = {2587--2595},
}
@article{Wagner:2003fk,
  title = {Hox cluster duplications and the opportunity for evolutionary novelties.},
  author = {Wagner, Gunte P and Amemiya, Chris and Ruddle, Frank},
  year = 2003,
  month = dec,
  journal = {Proceedings of the National Academy of Sciences},
  publisher = {Proceedings of the National Academy of Sciences},
  volume = 100,
  number = 25,
  pages = {14603--14606},
  doi = {10.1073/pnas.2536656100},
  issn = {1091-6490},
  url = {http://dx.doi.org/10.1073/pnas.2536656100},
}
@article{wagner1996genetic,
  title = {Genetic redundancy caused by gene duplications and its evolution in networks of transcriptional regulators},
  author = {Wagner,  Andreas},
  year = 1996,
  month = jun,
  journal = {Biological Cybernetics},
  publisher = {Springer Science and Business Media LLC},
  volume = 74,
  number = 6,
  pages = {557–567},
  doi = {10.1007/bf00209427},
  issn = {1432-0770},
  url = {http://dx.doi.org/10.1007/BF00209427},
}
@article{Wagner1998,
  title = {The fate of duplicated genes: loss or new function?},
  author = {Wagner,  Andreas},
  year = 1998,
  month = dec,
  journal = {BioEssays},
  publisher = {Wiley},
  volume = 20,
  number = 10,
  pages = {785–788},
  doi = {10.1002/(sici)1521-1878(199810)20:10<785::aid-bies2>3.0.co;2-m},
  issn = {0265-9247},
  url = {http://dx.doi.org/10.1002/(SICI)1521-1878(199810)20:10<785::AID-BIES2>3.0.CO;2-M},
}
@article{Wagner2008,
  title = {Gene duplications,  robustness and evolutionary innovations},
  author = {Wagner,  Andreas},
  year = 2008,
  month = mar,
  journal = {BioEssays},
  publisher = {Wiley},
  volume = 30,
  number = 4,
  pages = {367–373},
  doi = {10.1002/bies.20728},
  issn = {1521-1878},
  url = {http://dx.doi.org/10.1002/bies.20728},
  urldate = {2017-04-16},
  language = {en},
}
@article{Wapinski:2007be,
  title = {Natural history and evolutionary principles of gene duplication in fungi},
  author = {Wapinski, Ilan and Pfeffer, Avi and Friedman, Nir and Regev, Aviv},
  year = 2007,
  month = sep,
  journal = {Nature},
  volume = 449,
  number = 7158,
  pages = {54--61},
}
@article{waskom2021seaborn,
  title = {seaborn: statistical data visualization},
  author = {Michael L. Waskom},
  year = 2021,
  journal = {Journal of Open Source Software},
  publisher = {The Open Journal},
  volume = 6,
  number = 60,
  pages = 3021,
  doi = {10.21105/joss.03021},
  url = {https://doi.org/10.21105/joss.03021},
}
@article{Welch2016,
  title = {What’s wrong with evolutionary biology?},
  author = {Welch,  John J.},
  year = 2016,
  month = dec,
  journal = {Biology \& Philosophy},
  publisher = {Springer Science and Business Media LLC},
  volume = 32,
  number = 2,
  pages = {263–279},
  doi = {10.1007/s10539-016-9557-8},
  issn = {1572-8404},
  url = {http://dx.doi.org/10.1007/s10539-016-9557-8},
}
@article{white2004bifurcation,
  title = {Bifurcation into functional niches in adaptation},
  author = {White, Justin S and Adami, Christoph},
  year = 2004,
  journal = {Artificial Life},
  publisher = {MIT Press},
  volume = 10,
  number = 2,
  pages = {135--144},
}
@article{yedid2001microevolution,
  title = {Microevolution in an electronic microcosm},
  author = {Yedid, Gabriel and Bell, Graham},
  year = 2001,
  journal = {The American Naturalist},
  publisher = {The University of Chicago Press},
  volume = 157,
  number = 5,
  pages = {465--487},
}
@article{yedid2002macroevolution,
  title = {Macroevolution simulated with autonomously replicating computer programs},
  author = {Yedid, Gabriel and Bell, Graham},
  year = 2002,
  journal = {Nature},
  publisher = {Nature Publishing Group},
  volume = 420,
  number = 6917,
  pages = 810,
}
@article{Zaman2014Coevolution,
  title = {Coevolution Drives the Emergence of Complex Traits and Promotes Evolvability},
  author = {Zaman,  Luis and Meyer,  Justin R. and Devangam,  Suhas and Bryson,  David M. and Lenski,  Richard E. and Ofria,  Charles},
  year = 2014,
  month = dec,
  journal = {PLoS Biology},
  publisher = {Public Library of Science (PLoS)},
  volume = 12,
  number = 12,
  pages = {e1002023},
  doi = {10.1371/journal.pbio.1002023},
  issn = {1545-7885},
  url = {http://dx.doi.org/10.1371/journal.pbio.1002023},
  editor = {Keller,  Laurent},
}
@article{Zhang:2003fw,
  title = {Evolution by gene duplication: an update},
  author = {Zhang, Jianzhi},
  year = 2003,
  month = jun,
  journal = {Trends in Ecology {\&} Evolution},
  volume = 18,
  number = 6,
  pages = {292--298},
}
@article{Zhang2003,
  title = {Evolution by gene duplication: an update},
  author = {Zhang,  Jianzhi},
  year = 2003,
  month = jun,
  journal = {Trends in Ecology \& Evolution},
  publisher = {Elsevier BV},
  volume = 18,
  number = 6,
  pages = {292–298},
  doi = {10.1016/s0169-5347(03)00033-8},
  issn = {0169-5347},
  url = {http://dx.doi.org/10.1016/S0169-5347(03)00033-8},
}
@article{Zhang2014,
  title = {Comparative genomics reveals insights into avian genome evolution and adaptation},
  author = {Zhang,  Guojie and Li,  Cai and Li,  Qiye and Li,  Bo and Larkin,  Denis M. and Lee,  Chul and Storz,  Jay F. and Antunes,  Agostinho and Greenwold,  Matthew J. and Meredith,  Robert W. and \"{O}deen,  Anders and Cui,  Jie and Zhou,  Qi and Xu,  Luohao and Pan,  Hailin and Wang,  Zongji and Jin,  Lijun and Zhang,  Pei and Hu,  Haofu and Yang,  Wei and Hu,  Jiang and Xiao,  Jin and Yang,  Zhikai and Liu,  Yang and Xie,  Qiaolin and Yu,  Hao and Lian,  Jinmin and Wen,  Ping and Zhang,  Fang and Li,  Hui and Zeng,  Yongli and Xiong,  Zijun and Liu,  Shiping and Zhou,  Long and Huang,  Zhiyong and An,  Na and Wang,  Jie and Zheng,  Qiumei and Xiong,  Yingqi and Wang,  Guangbiao and Wang,  Bo and Wang,  Jingjing and Fan,  Yu and da Fonseca,  Rute R. and Alfaro-Núñez,  Alonzo and Schubert,  Mikkel and Orlando,  Ludovic and Mourier,  Tobias and Howard,  Jason T. and Ganapathy,  Ganeshkumar and Pfenning,  Andreas and Whitney,  Osceola and Rivas,  Miriam V. and Hara,  Erina and Smith,  Julia and Farré,  Marta and Narayan,  Jitendra and Slavov,  Gancho and Romanov,  Michael N and Borges,  Rui and Machado,  João Paulo and Khan,  Imran and Springer,  Mark S. and Gatesy,  John and Hoffmann,  Federico G. and Opazo,  Juan C. and Håstad,  Olle and Sawyer,  Roger H. and Kim,  Heebal and Kim,  Kyu-Won and Kim,  Hyeon Jeong and Cho,  Seoae and Li,  Ning and Huang,  Yinhua and Bruford,  Michael W. and Zhan,  Xiangjiang and Dixon,  Andrew and Bertelsen,  Mads F. and Derryberry,  Elizabeth and Warren,  Wesley and Wilson,  Richard K and Li,  Shengbin and Ray,  David A. and Green,  Richard E. and O’Brien,  Stephen J. and Griffin,  Darren and Johnson,  Warren E. and Haussler,  David and Ryder,  Oliver A. and Willerslev,  Eske and Graves,  Gary R. and Alstr\"{o}m,  Per and Fjeldså,  Jon and Mindell,  David P. and Edwards,  Scott V. and Braun,  Edward L. and Rahbek,  Carsten and Burt,  David W. and Houde,  Peter and Zhang,  Yong and Yang,  Huanming and Wang,  Jian and Jarvis,  Erich D. and Gilbert,  M. Thomas P. and Wang,  Jun and Ye,  Chen and Liang,  Shaoguang and Yan,  Zengli and Zepeda,  M. Lisandra and Campos,  Paula F. and Velazquez,  Amhed Missael Vargas and Samaniego,  José Alfredo and Avila-Arcos,  María and Martin,  Michael D. and Barnett,  Ross and Ribeiro,  Angela M. and Mello,  Claudio V. and Lovell,  Peter V. and Almeida,  Daniela and Maldonado,  Emanuel and Pereira,  Joana and Sunagar,  Kartik and Philip,  Siby and Dominguez-Bello,  Maria Gloria and Bunce,  Michael and Lambert,  David and Brumfield,  Robb T. and Sheldon,  Frederick H. and Holmes,  Edward C. and Gardner,  Paul P. and Steeves,  Tammy E. and Stadler,  Peter F. and Burge,  Sarah W. and Lyons,  Eric and Smith,  Jacqueline and McCarthy,  Fiona and Pitel,  Frederique and Rhoads,  Douglas and Froman,  David P.},
  year = 2014,
  month = dec,
  journal = {Science},
  publisher = {American Association for the Advancement of Science (AAAS)},
  volume = 346,
  number = 6215,
  pages = {1311–1320},
  doi = {10.1126/science.1251385},
  issn = {1095-9203},
  url = {http://dx.doi.org/10.1126/science.1251385},
}
